<record><leader>00000cas a22000007a 4500</leader><controlfield tag="001">15991789</controlfield><controlfield tag="008">870617d18881uuualuwr ne      0    0eng d</controlfield><datafield ind1=" " ind2=" " tag="010"><subfield code="a">sn 87050189 </subfield></datafield><datafield ind1=" " ind2=" " tag="040"><subfield code="a">CPN</subfield><subfield code="b">eng</subfield><subfield code="c">CPN</subfield><subfield code="d">OCLCQ</subfield></datafield><datafield ind1=" " ind2=" " tag="042"><subfield code="a">msc</subfield></datafield><datafield ind1="0" ind2="0" tag="245"><subfield code="a">Sheffield weekly enterprise.</subfield></datafield><datafield ind1="1" ind2="3" tag="246"><subfield code="a">Weekly enterprise</subfield></datafield><datafield ind1=" " ind2=" " tag="260"><subfield code="a">Sheffield, Ala. :</subfield><subfield code="b">Sheffield Pub. Co.</subfield></datafield><datafield ind1=" " ind2=" " tag="310"><subfield code="a">Weekly</subfield></datafield><datafield ind1="1" ind2=" " tag="362"><subfield code="a">Began in 1888.</subfield></datafield><datafield ind1=" " ind2=" " tag="515"><subfield code="a">Numbering is irregular.</subfield></datafield><datafield ind1=" " ind2=" " tag="588"><subfield code="a">Description based on: Vol. 1, whole no. 75 (Mar. 5, 1888).</subfield></datafield><datafield ind1=" " ind2=" " tag="752"><subfield code="a">United States</subfield><subfield code="b">Alabama</subfield><subfield code="c">Colbert</subfield><subfield code="d">Sheffield.</subfield></datafield><datafield ind1="0" ind2=" " tag="775"><subfield code="t">Sheffield daily enterprise</subfield><subfield code="w">(DLC)sn 87050190</subfield></datafield><datafield ind1="0" ind2="0" tag="780"><subfield code="t">Sheffield enterprise</subfield><subfield code="w">(DLC)sn 87050188</subfield></datafield></record>